Automatically generated by Mendeley Desktop 1.16.1
Any changes to this file will be lost if it is regenerated by Mendeley.

BibTeX export options can be customized via Preferences -> BibTeX in Mendeley Desktop

@article{Belz2006,
author = {Belz, Anja and Reiter, Ehud},
file = {:Users/miha/Downloads/E06-1040.pdf:pdf},
isbn = {1932432590},
journal = {Proceedings of the 11th Conference of the European Chapter of the Association for Computational Linguistics},
keywords = {G400 Computing,Q000 Languages and Literature - Linguistics and re},
pages = {313--320},
title = {{Comparing automatic and human evaluation of NLG systems}},
url = {http://eprints.brighton.ac.uk/3096/},
year = {2006}
}
@article{Lustrek2004,
author = {Lu{\v{s}}trek, Mitja},
file = {:Users/miha/Library/Application Support/Mendeley Desktop/Downloaded/Lu{\v{s}}trek - 2004 - Lu{{\v{s}}}{{\v{c}}}enje podatkov s skritimi markovskimi modeli.pdf:pdf},
institution = {Institut Jozef Stefan},
title = {{Lu{\v{s}}{\v{c}}enje podatkov s skritimi markovskimi modeli}},
year = {2004}
}
@article{Hughes1989,
author = {Hughes, John},
file = {:Users/miha/Library/Application Support/Mendeley Desktop/Downloaded/Hughes - 1989 - Why functional programming matters.pdf:pdf},
journal = {The computer journal},
number = {2},
pages = {98--107},
publisher = {Br Computer Soc},
title = {{Why functional programming matters}},
volume = {32},
year = {1989}
}
@article{Determann2006,
author = {Determann, Lothar},
issn = {10863818},
journal = {Berkeley Technology Law Journal},
number = {4},
pages = {1421--1498},
publisher = {Temporary Publisher},
title = {{Dangerous Liaisonsâ€”Software Combinations as Derivative Works? Distribution, Installation, and Execution of Linked Programs Under Copyright Law, Commercial Licenses, and the GPL}},
url = {http://www.jstor.org/stable/24118692},
volume = {21},
year = {2006}
}
@misc{Cappe2001,
author = {Capp{\'{e}}, Olivier},
title = {{H2M: A set of MATLAB/OCTAVE functions for the EM estimation of mixtures and hidden Markov models}},
url = {http://perso.telecom-paristech.fr/$\sim$cappe/h2m/},
urldate = {2016-08-18},
year = {2001}
}
@inproceedings{Thung2013,
author = {Thung, F and Bissyand{\'{e}}, T F and Lo, D and Jiang, L},
booktitle = {Software Maintenance and Reengineering (CSMR), 2013 17th European Conference on},
doi = {10.1109/CSMR.2013.41},
issn = {1534-5351},
month = {mar},
pages = {323--326},
title = {{Network Structure of Social Coding in GitHub}},
year = {2013}
}
@misc{guyz/HMM,
author = {Zyskind, Guy},
booktitle = {github.com},
title = {{HMM}},
url = {https://github.com/guyz/HMM},
urldate = {2016-05-25}
}
@article{Walt2011,
author = {{Van Der Walt}, Stefan and Colbert, S Chris and Varoquaux, Gael},
journal = {Computing in Science \& Engineering},
number = {2},
pages = {22--30},
publisher = {AIP Publishing},
title = {{The NumPy array: a structure for efficient numerical computation}},
volume = {13},
year = {2011}
}
@article{Edwards2004,
author = {Edwards, Jaety and Teh, Yee W. and Bock, Roger and Maire, Michael and Vesom, Grace and Forsyth, David A.},
file = {:Users/miha/Library/Application Support/Mendeley Desktop/Downloaded/Edwards et al. - 2004 - Making latin manuscripts searchable using gHMM's.pdf:pdf},
journal = {Advances in Neural Information Processing Systems},
pages = {385--392},
title = {{Making latin manuscripts searchable using gHMM's}},
volume = {17},
year = {2004}
}
@book{Gyergyk1988,
address = {Ljubljana},
author = {Gyergy{\'{e}}k, Ludvik},
language = {Slovenian},
publisher = {Fakulteta za elektrotehniko},
title = {{Teorija o informacijah}},
year = {1988}
}
@book{Pavesic2010,
address = {Ljubljana},
author = {Pave{\v{s}}i{\'{c}}, Nikola},
edition = {2},
isbn = {978-961-243-145-7},
publisher = {Zalo{\v{z}}ba FE in FRI},
title = {{Informacija in kodi}},
year = {2010}
}
@techreport{Bilmes1997,
author = {Bilmes, Jeff},
file = {:Users/miha/Library/Application Support/Mendeley Desktop/Downloaded/Bilmes - 1998 - A Gentle Tutorial of the EM Algorithm and its Application to Parameter Estimation for Gaussian Mixture and Hidden Markov.pdf:pdf},
institution = {ICSI},
number = {TR-97-021},
title = {{A Gentle Tutorial of the EM algorithm and its application to Parameter Estimation for Gaussian Mixture and Hidden Markov Models}},
year = {1997}
}
@misc{web/nolicense,
title = {{No License - Choose a License}},
url = {http://choosealicense.com/no-license/},
urldate = {2016-06-02}
}
@article{Maqsud2015,
author = {Maqsud, Umar},
file = {:Users/miha/Library/Application Support/Mendeley Desktop/Downloaded/Maqsud - 2015 - Synthetic Text Generation for Sentiment Analysis.pdf:pdf},
number = {Wassa},
pages = {156--161},
title = {{Synthetic Text Generation for Sentiment Analysis}},
year = {2015}
}
@article{Cohen2010,
author = {Cohen, Shay B. and Blei, David M. and Smith, Noah A.},
file = {:Users/miha/Library/Application Support/Mendeley Desktop/Downloaded/Cohen, Blei, Smith - 2010 - Variational Inference for Adaptor Grammars.pdf:pdf},
isbn = {1-932432-65-5},
issn = {1932432655},
journal = {Naacl-2010},
number = {June},
pages = {564--572},
title = {{Variational Inference for Adaptor Grammars}},
year = {2010}
}
@inproceedings{Papadakis2011,
author = {Papadakis, Manolis and Sagonas, Konstantinos},
booktitle = {Proceedings of the 10th ACM SIGPLAN workshop on Erlang},
file = {:Users/miha/Library/Application Support/Mendeley Desktop/Downloaded/Papadakis, Sagonas - 2011 - A PropEr integration of types and function specifications with property-based testing.pdf:pdf},
organization = {ACM},
pages = {39--50},
title = {{A PropEr integration of types and function specifications with property-based testing}},
year = {2011}
}
@inproceedings{Sagonas2005,
author = {Sagonas, Konstantinos},
booktitle = {Proceedings of the ACM SIGPLAN Workshop on the Evaluation of Software Defect Detection Tools},
file = {:Users/miha/Library/Application Support/Mendeley Desktop/Downloaded/Sagonas - 2005 - Experience from developing the Dialyzer A static analysis tool detecting defects in Erlang applications.pdf:pdf},
organization = {Citeseer},
title = {{Experience from developing the Dialyzer: A static analysis tool detecting defects in Erlang applications}},
year = {2005}
}
@article{Ghazal2013,
archivePrefix = {arXiv},
arxivId = {arXiv:1401.1406v2},
author = {Ghazal, Ahmad and Rabl, Tilmann and Hu, Minqing and Raab, Francois and Poess, Meikel and Crolette, Alain and Jacobsen, Hans-Arno},
doi = {10.1145/2463676.2463712},
eprint = {arXiv:1401.1406v2},
file = {:Users/miha/Downloads/Ghazal13-BigBench-_Towards_an_Industry_Standa.pdf:pdf},
isbn = {9781450320375},
issn = {07308078},
journal = {Proceedings of the 2013 ACM SIGMOD International Conference on Management of Data},
keywords = {benchmarking,big data,map reduce},
pages = {1197--1208},
pmid = {83466038},
title = {{Bigbench: Towards an industry standard benchmark for big data analytics}},
year = {2013}
}
@misc{elixir/map,
booktitle = {elixir-lang.org},
title = {{Map - Elixir v1.2.5}},
url = {http://elixir-lang.org/docs/stable/elixir/Map.html},
urldate = {2016-05-24}
}
@article{Stewart2006,
author = {Stewart, Katherine J. and Ammeter, Anthony P. and Maruping, Likoebe M.},
doi = {10.1287/isre.1060.0082},
journal = {Information Systems Research},
number = {2},
pages = {126--144},
title = {{Impacts of License Choice and Organizational Sponsorship on User Interest and Development Activity in Open Source Software Projects}},
url = {http://pubsonline.informs.org/doi/abs/10.1287/isre.1060.0082},
volume = {17},
year = {2006}
}
@misc{rabinererratum,
author = {Rahimi, Ali},
title = {{An Erratum for ``A Tutorial on Hidden Markov Models and Selected Applications in Speech Recognition''}},
url = {http://alumni.media.mit.edu/$\sim$rahimi/rabiner/rabiner-errata/rabiner-errata.html},
urldate = {2016-05-27}
}
@misc{Kanungo1999,
author = {Kanungo, Tapas},
publisher = {Cambridge University Press},
title = {{UMDHMM: Hidden Markov Model Toolkit}},
url = {http://www.kanungo.com/software/software.html},
urldate = {2016-08-18},
year = {1999}
}
@article{Goldwater2009,
author = {Goldwater, Sharon and Griffiths, Thomas L. and Johnson, Mark},
doi = {10.1016/j.cognition.2009.03.008},
file = {:Users/miha/Library/Application Support/Mendeley Desktop/Downloaded/Goldwater, Griffiths, Johnson - 2009 - A Bayesian framework for word segmentation Exploring the effects of context(2).pdf:pdf},
issn = {00100277},
journal = {Cognition},
number = {1},
pages = {21--54},
pmid = {19409539},
publisher = {Elsevier B.V.},
title = {{A Bayesian framework for word segmentation: Exploring the effects of context}},
volume = {112},
year = {2009}
}
@inproceedings{Gael2008,
author = {{Van Gael}, Jurgen and Saatci, Yunus and Teh, Yee Whye and Ghahramani, Zoubin},
booktitle = {Proceedings of the 25th international conference on Machine learning},
organization = {ACM},
pages = {1088--1095},
title = {{Beam sampling for the infinite hidden Markov model}},
year = {2008}
}
@article{Scikitlearn2011,
author = {Pedregosa, F and Varoquaux, G and Gramfort, A and Michel, V and Thirion, B and Grisel, O and Blondel, M and Prettenhofer, P and Weiss, R and Dubourg, V and Vanderplas, J and Passos, A and Cournapeau, D and Brucher, M and Perrot, M and Duchesnay, E},
journal = {Journal of Machine Learning Research},
pages = {2825--2830},
title = {{Scikit-learn: Machine Learning in {P}ython}},
volume = {12},
year = {2011}
}
@inproceedings{Dabbish2012,
address = {New York, NY, USA},
author = {Dabbish, Laura and Stuart, Colleen and Tsay, Jason and Herbsleb, Jim},
booktitle = {Proceedings of the ACM 2012 Conference on Computer Supported Cooperative Work},
doi = {10.1145/2145204.2145396},
isbn = {978-1-4503-1086-4},
pages = {1277--1286},
publisher = {ACM},
series = {CSCW '12},
title = {{Social Coding in GitHub: Transparency and Collaboration in an Open Software Repository}},
url = {http://doi.acm.org/10.1145/2145204.2145396},
year = {2012}
}
@inproceedings{Mairesse2010,
author = {Mairesse, Fran{\c{c}}ois and Ga{\v{s}}i{\'{c}}, Milica and Jur{\v{c}}{\'{i}}{\v{c}}ek, Filip and Keizer, Simon and Thomson, Blaise and Yu, Kai and Young, Steve},
booktitle = {Proceedings of the 48th Annual Meeting of the Association for Computational Linguistics},
file = {:Users/miha/Library/Application Support/Mendeley Desktop/Downloaded/Mairesse et al. - 2010 - Phrase-based statistical language generation using graphical models and active learning.pdf:pdf},
organization = {Association for Computational Linguistics},
pages = {1552--1561},
title = {{Phrase-based statistical language generation using graphical models and active learning}},
year = {2010}
}
@article{Szymanski,
author = {Szymanski, Grzegorz},
file = {:Users/miha/Library/Application Support/Mendeley Desktop/Downloaded/Szymanski - Unknown - Hidden Markov Models Suitable for Text Generation.pdf:pdf},
pages = {2--5},
title = {{Hidden Markov Models Suitable for Text Generation}},
volume = {1}
}
@article{Comino2007,
author = {Comino, Stefano and Manenti, Fabio M and Parisi, Maria Laura},
journal = {Research Policy},
number = {10},
pages = {1575--1586},
publisher = {Elsevier},
title = {{From planning to mature: On the success of open source projects}},
volume = {36},
year = {2007}
}
@misc{GHAHRAMANI2001,
author = {GHAHRAMANI, ZOUBIN},
booktitle = {International Journal of Pattern Recognition and Artificial Intelligence},
doi = {10.1142/S0218001401000836},
file = {:Users/miha/Library/Application Support/Mendeley Desktop/Downloaded/GHAHRAMANI - 2001 - AN INTRODUCTION TO HIDDEN MARKOV MODELS AND BAYESIAN NETWORKS.pdf:pdf},
isbn = {981-02-4564-5},
issn = {0218-0014},
number = {01},
pages = {9--42},
pmid = {18428778},
title = {{An Introduction to Hidden Markov Models and Bayesian Networks}},
volume = {15},
year = {2001}
}
@article{FeleZorz,
author = {Fele-{\v{Z}}or{\v{z}}, Ga{\v{s}}per},
file = {:Users/miha/Library/Containers/com.apple.mail/Data/Library/Mail Downloads/BB372AEF-5042-43D4-A18A-1E8A1FD0285D/body.pdf:pdf},
title = {{An automatic disk image generator for teaching computer forensics ({\v{c}}lanek v nastajanju)}}
}
@article{Sambaraju2011,
author = {Sambaraju, Rahul and Reiter, Ehud and Logie, Robert and Mckinlay, Andy and Mcvittie, Chris and Gatt, Albert and Sykes, Cindy},
file = {:Users/miha/Downloads/W11-2804.pdf:pdf},
number = {September},
pages = {22--31},
title = {{What is in a text and what does it do: Qualitative Evaluations of an NLG system â€“ the BT-Nurse â€“ using content analysis and discourse analysis}},
year = {2011}
}
@inproceedings{Ramesh1992,
author = {Ramesh, P and Wilpon, J G},
booktitle = {Acoustics, Speech, and Signal Processing, 1992. ICASSP-92., 1992 IEEE International Conference on},
doi = {10.1109/ICASSP.1992.225892},
issn = {1520-6149},
month = {mar},
pages = {381--384 vol.1},
title = {{Modeling state durations in hidden Markov models for automatic speech recognition}},
volume = {1},
year = {1992}
}
@article{Guedon2003,
author = {Gu{\'{e}}don, Yann},
doi = {10.1198/1061860032030},
file = {:Users/miha/Library/Application Support/Mendeley Desktop/Downloaded/Gu{\'{e}}don - 2003 - Estimating Hidden Semi-Markov Chains From Discrete Sequences.pdf:pdf},
issn = {1061-8600},
journal = {Journal of Computational and Graphical Statistics},
number = {3},
pages = {604--639},
title = {{Estimating Hidden Semi-Markov Chains From Discrete Sequences}},
volume = {12},
year = {2003}
}
@inproceedings{Dufaux2000,
author = {Dufaux, Alain and Besacier, Laurent and Ansorge, Michael and Pellandini, Fausto},
booktitle = {Signal Processing Conference, 2000 10th European},
organization = {IEEE},
pages = {1--4},
title = {{Automatic sound detection and recognition for noisy environment}},
year = {2000}
}
@article{Pedregosa2011,
author = {Pedregosa, Fabian and Varoquaux, Ga{\"{e}}l and Gramfort, Alexandre and Michel, Vincent and Thirion, Bertrand and Grisel, Olivier and Blondel, Mathieu and Prettenhofer, Peter and Weiss, Ron and Dubourg, Vincent and Vanderplas, Jake and Passos, Alexandre and Cournapeau, David and Brucher, Matthieu and Perrot, Matthieu and Duchesnay, {\'{E}}douard},
issn = {1532-4435},
journal = {J. Mach. Learn. Res.},
month = {nov},
pages = {2825--2830},
publisher = {JMLR.org},
title = {{Scikit-learn: Machine Learning in Python}},
url = {http://dl.acm.org/citation.cfm?id=1953048.2078195},
volume = {12},
year = {2011}
}
@book{Juric2015,
author = {Juri{\'{c}}, Sa{\v{s}}a},
publisher = {Manning Publ.},
title = {{Elixir in action}},
year = {2015}
}
@book{Thomas2014,
author = {Thomas, Dave},
publisher = {Pragmatic Bookshelf},
title = {{Programming Elixir}},
year = {2014}
}
@misc{jeremyjh/dialyxir,
author = {Huffman, Jeremy},
booktitle = {github.com},
title = {{Dialyxir}},
url = {https://github.com/jeremyjh/dialyxir},
urldate = {2016-05-24}
}
@misc{Rabiner1989,
archivePrefix = {arXiv},
arxivId = {arXiv:1011.1669v3},
author = {Rabiner, Lawrence R.},
booktitle = {Proceedings of the IEEE},
doi = {10.1109/5.18626},
eprint = {arXiv:1011.1669v3},
file = {:Users/miha/Library/Application Support/Mendeley Desktop/Downloaded/Rabiner - 1989 - A Tutorial on Hidden Markov Models and Selected Applications in Speech Recognition(2).pdf:pdf},
isbn = {1558601244},
issn = {15582256},
number = {2},
pages = {257--286},
pmid = {21920608},
title = {{A Tutorial on Hidden Markov Models and Selected Applications in Speech Recognition}},
volume = {77},
year = {1989}
}
@article{Johnson2009,
author = {Johnson, Mark and Goldwater, Sharon},
doi = {10.3115/1620754.1620800},
file = {:Users/miha/Library/Application Support/Mendeley Desktop/Downloaded/Johnson, Goldwater - 2009 - Improving nonparameteric Bayesian inference experiments on unsupervised word segmentation with adaptor gr(2).pdf:pdf},
isbn = {9781932432411},
issn = {1932432418},
journal = {Proceedings of Human Language Technologies The 2009 Annual Conference of the North American Chapter of the Association for Computational Linguistics},
number = {June},
pages = {317--325},
title = {{Improving nonparameteric Bayesian inference: experiments on unsupervised word segmentation with adaptor grammars}},
year = {2009}
}
@inproceedings{Carlsson2006,
address = {New York, NY, USA},
author = {Carlsson, Richard and R{\'{e}}mond, Micka{\"{e}}l},
booktitle = {Proceedings of the 2006 ACM SIGPLAN Workshop on Erlang},
doi = {10.1145/1159789.1159791},
isbn = {1-59593-490-1},
pages = {1},
publisher = {ACM},
series = {ERLANG '06},
title = {{EUnit: A Lightweight Unit Testing Framework for Erlang}},
url = {http://doi.acm.org/10.1145/1159789.1159791},
year = {2006}
}
@article{Yun2013,
author = {Yun, Jonghyun},
title = {{A MATLAB toolbox to identify RNA-protein binding sites in HITS-CLIP}},
year = {2013}
}
@misc{fmap/markov,
author = {Leopold, Tal G and van Pelt, Yorick and Verma, Vikram},
booktitle = {github.com},
title = {markov},
url = {http://hackage.haskell.org/package/markov-processes},
urldate = {2016-05-30}
}
@article{Krek2009,
author = {Krek, Simon},
file = {:Users/miha/Downloads/2009-03-04-Razprave-Simon-Krek.pdf:pdf},
journal = {Jezik in slovstvo},
number = {3-4},
pages = {95--113},
title = {{Od SSKJ do spletnega portala standardne sloven{\v{s}}{\v{c}}ine}},
volume = {54},
year = {2009}
}
@misc{sf/ghmm,
author = {Knab, Bernhard and Wichern, Bernd and Steckemetz, Barthel and Schliep, Alexander},
booktitle = {sourceforge.net},
title = {{GHMM: General Hidden Markov Model library}},
url = {http://ghmm.sourceforge.net},
urldate = {2016-06-30}
}
@misc{1035,
annote = {Slovenian language resource repository {CLARIN}.{SI}},
author = {Logar, Nata{\v{s}}a and Erjavec, Toma{\v{z}} and Krek, Simon and Gr{\v{c}}ar, Miha and Holozan, Peter},
title = {{Written corpus {ccGigafida} 1.0}},
url = {http://hdl.handle.net/11356/1035},
year = {2013}
}
@misc{Zhou2005,
author = {Zhou, Hongyi and Zhang, Chi and Liu, Song and Zhou, Yaoqi},
booktitle = {Nucleic Acids Research},
doi = {10.1093/nar/gki360},
issn = {0305-1048 (Print)},
language = {eng},
month = {jul},
number = {Web Server issue},
pages = {W193--7},
pmid = {15980453},
title = {{Web-based toolkits for topology prediction of transmembrane helical proteins, fold recognition, structure and binding scoring, folding-kinetics analysis and comparative analysis of domain combinations}},
volume = {33},
year = {2005}
}
@article{Xu1996,
author = {Xu, Lei and Jordan, Michael I},
journal = {Neural computation},
number = {1},
pages = {129--151},
publisher = {MIT Press},
title = {{On convergence properties of the EM algorithm for Gaussian mixtures}},
volume = {8},
year = {1996}
}
@misc{parroty/excheck,
author = {Parroty},
booktitle = {github.com},
title = {{ExCheck}},
url = {https://github.com/parroty/excheck},
urldate = {2016-05-25}
}
@article{Schliep2004,
author = {Schliep, Alexander and Georgi, Benjamin and Rungsarityotin, Wasinee and Costa, I and Schonhuth, A},
journal = {Proceedings of the Heinz-billing-price},
pages = {121--135},
title = {{The general hidden markov model library: Analyzing systems with unobservable states}},
volume = {2004},
year = {2004}
}
@misc{jmschrei/pomegranate,
author = {Schreiber, Jacob},
booktitle = {github.com},
title = {pomegranate},
url = {https://github.com/jmschrei/pomegranate},
urldate = {2016-05-30}
}
@book{Beck2003,
author = {Beck, Kent},
publisher = {Addison-Wesley Professional},
title = {{Test-driven development: by example}},
year = {2003}
}
@article{Papineni2002,
author = {Papineni, Kishore and Roukos, Salim and Ward, Todd and Zhu, Wj},
doi = {10.3115/1073083.1073135},
file = {:Users/miha/Downloads/P02-1040.pdf:pdf},
isbn = {1-55860-883-4},
issn = {00134686},
journal = {{\ldots} of the 40Th Annual Meeting on {\ldots}},
number = {July},
pages = {311--318},
title = {{BLEU: a method for automatic evaluation of machine translation}},
url = {http://dl.acm.org/citation.cfm?id=1073135},
year = {2002}
}
@misc{ccKres2013,
annote = {Slovenian language resource repository {CLARIN}.{SI}},
author = {Logar, Nata{\v{s}}a and Erjavec, Toma{\v{z}} and Krek, Simon and Gr{\v{c}}ar, Miha and Holozan, Peter},
title = {{Written corpus {ccKres} 1.0}},
url = {http://hdl.handle.net/11356/1034},
year = {2013}
}
@article{Mann2006,
author = {Mann, Tobias P},
file = {:Users/miha/Library/Application Support/Mendeley Desktop/Downloaded/Mann - 2006 - Numerically Stable Hidden Markov Model Implementation(2).pdf:pdf},
journal = {An HMM scaling tutorial},
pages = {1--8},
title = {{Numerically Stable Hidden Markov Model Implementation}},
year = {2006}
}
@inproceedings{Kondadadi2013,
author = {Kondadadi, Ravi and Howald, Blake and Schilder, Frank},
booktitle = {ACL (1)},
file = {:Users/miha/Library/Application Support/Mendeley Desktop/Downloaded/Kondadadi, Howald, Schilder - 2013 - A Statistical NLG Framework for Aggregated Planning and Realization.pdf:pdf},
pages = {1406--1415},
title = {{A Statistical NLG Framework for Aggregated Planning and Realization.}},
year = {2013}
}
@inproceedings{Sagonas2008,
author = {Sagonas, Konstantinos and Luna, Daniel},
booktitle = {Proceedings of the 7th ACM SIGPLAN Workshop on Erlang},
file = {:Users/miha/Library/Application Support/Mendeley Desktop/Downloaded/Sagonas, Luna - 2008 - Gradual typing of erlang programs a wrangler experience.pdf:pdf},
organization = {ACM},
pages = {73--82},
title = {{Gradual typing of erlang programs: a wrangler experience}},
year = {2008}
}
@incollection{Li2007,
author = {Li, Huiqing and Thompson, Simon},
booktitle = {Implementation and Application of Functional Languages},
file = {:Users/miha/Library/Application Support/Mendeley Desktop/Downloaded/Li, Thompson - 2007 - Testing Erlang refactorings with quickcheck.pdf:pdf},
pages = {19--36},
publisher = {Springer},
title = {{Testing Erlang refactorings with quickcheck}},
year = {2007}
}
@article{Hudak1989,
author = {Hudak, P.},
file = {:Users/miha/Library/Application Support/Mendeley Desktop/Downloaded/Hudak - 1989 - Conception, evolution, and application of functional programming language.pdf:pdf},
journal = {ACM Computing Surveys},
number = {3},
pages = {359--411},
title = {{Conception, evolution, and application of functional programming language}},
volume = {21},
year = {1989}
}
@inproceedings{Rigoll1996,
author = {Rigoll, Gerhard and Kosmala, Andreas and Rattland, J and Neukirchen, Ch},
booktitle = {Pattern Recognition, 1996., Proceedings of the 13th International Conference on},
organization = {IEEE},
pages = {205--209},
title = {{A comparison between continuous and discrete density hidden Markov models for cursive handwriting recognition}},
volume = {2},
year = {1996}
}
@book{Clark2013,
author = {Clark, Alexander and Fox, Chris and Lappin, Shalom},
publisher = {John Wiley \& Sons},
title = {{The handbook of computational linguistics and natural language processing}},
year = {2013}
}
@inproceedings{McDonald2013,
address = {New York, NY, USA},
author = {McDonald, Nora and Goggins, Sean},
booktitle = {CHI '13 Extended Abstracts on Human Factors in Computing Systems},
doi = {10.1145/2468356.2468382},
isbn = {978-1-4503-1952-2},
pages = {139--144},
publisher = {ACM},
series = {CHI EA '13},
title = {{Performance and Participation in Open Source Software on GitHub}},
url = {http://doi.acm.org/10.1145/2468356.2468382},
year = {2013}
}
@article{Erjavec2012,
author = {Erjavec, Toma{\v{z}} and {Logar Berginc}, Nata{\v{s}}a},
file = {:Users/miha/Downloads/isjt2012_11.pdf:pdf},
journal = {Proceeding of the Eighth Language Technologies Conference},
number = {cc},
pages = {57--63},
title = {{Referen{\v{c}}ni korpusi slovenskega jezika (cc)Gigafida in (cc)KRES}},
year = {2012}
}
@book{Bishop2006,
author = {Bishop, Christopher},
isbn = {978-0-387-31073-2},
publisher = {Springer},
title = {{Pattern recognition and machine learning}},
year = {2006}
}
@misc{Ramage2007,
author = {Ramage, Daniel},
file = {:Users/miha/Library/Application Support/Mendeley Desktop/Downloaded/Unknown - Unknown - cs229-hmm.pdf:pdf},
title = {{Hidden Markov Models Fundamentals}},
year = {2007}
}
@article{Sonnenburg2007,
author = {Sonnenburg, Soren and Braun, Mikio L and Ong, Cheng Soon and Bengio, Samy and Bottou, Leon and Holmes, Geoffrey and LeCun, Yann and Mueller, Klaus-Robert and Pereira, Fernando and Rasmussen, Carl E and Raetsch, Gunnar and Schoelkopf, Bernhard and Smola, Alexander and Vincent, Pascal and Weston, Jason and Williamson, Robert},
file = {:Users/miha/Library/Application Support/Mendeley Desktop/Downloaded/Sonnenburg et al. - 2007 - The need for open source software in machine learning.pdf:pdf},
journal = {Journal of Machine Learning Research},
pages = {2443--2466},
title = {{The need for open source software in machine learning}},
volume = {8},
year = {2007}
}
@inproceedings{Erjavec2003,
address = {Stroudsburg, PA, USA},
author = {Erjavec, Toma{\v{z}} and Krstev, Cvetana and Petkevi{\v{c}}, Vladim{\'{i}}r and Simov, Kiril and Tadi{\'{c}}, Marko and Vitas, Du{\v{s}}ko},
booktitle = {Proceedings of the 2003 EACL Workshop on Morphological Processing of Slavic Languages},
pages = {25--32},
publisher = {Association for Computational Linguistics},
series = {MorphSlav '03},
title = {{The MULTEXT-east Morphosyntactic Specifications for Slavic Languages}},
url = {http://dl.acm.org/citation.cfm?id=1613200.1613204},
year = {2003}
}
@misc{r/hmm,
author = {Himmelmann, Lin},
booktitle = {cran.r-project.org},
title = {{R-HMM}},
url = {https://cran.r-project.org/web/packages/HMM/HMM.pdf},
urldate = {2016-05-30}
}
@phdthesis{Zhao2011,
author = {Zhao, James},
file = {:Users/miha/Library/Application Support/Mendeley Desktop/Downloaded/Unknown - Unknown - ZhaoJames.pdf:pdf},
school = {The University of Melbourne},
title = {{Hidden Markov Models with Multiple Observation Processes}},
year = {2007}
}
@misc{hmmlearn/hmmlearn,
author = {Varoquaux, Gael and Lebedev, Sergei},
booktitle = {github.com},
title = {hmmlearn},
url = {https://github.com/hmmlearn/hmmlearn},
urldate = {2016-05-30}
}
@article{Ming2014a,
archivePrefix = {arXiv},
arxivId = {1401.5465},
author = {Ming, Zijian and Luo, Chunjie and Gao, Wanling and Han, Rui and Yang, Qiang and Wang, Lei and Zhan, Jianfeng},
doi = {10.1007/978-3-319-10596-3_11},
eprint = {1401.5465},
file = {:Users/miha/Downloads/1401.5465v3.pdf:pdf},
isbn = {9783319105956},
issn = {16113349},
journal = {Lecture Notes in Computer Science (including subseries Lecture Notes in Artificial Intelligence and Lecture Notes in Bioinformatics)},
keywords = {Benchmark,Big data,Data generator,Scalable,Veracity},
pages = {138--154},
title = {{BDGS: A scalable big data generator suite in big data benchmarking}},
volume = {8585},
year = {2014}
}
@misc{elixir/exunit,
booktitle = {elixir-lang.org},
title = {{ExUnit - ExUnit v1.2.5}},
urldate = {2016-05-25}
}
@article{OConnell2011,
author = {O'Connell, Jared and H{\o}jsgaard, S{\o}ren},
journal = {Journal of Statistical Software},
number = {4},
pages = {1--22},
title = {{Hidden Semi Markov Models for Multiple Observation Sequences: The mhsmm Package for R}},
url = {http://www.jstatsoft.org/v39/i04/},
volume = {39},
year = {2011}
}
@book{Tei2008,
author = {Sperberg-McQeen, C. M. and Burnard, Lou and Bauman, Syd},
publisher = {TEI Consortium},
title = {{TEI P5: Guidelines for electronic text encoding and interchange}},
url = {http://www.tei-c.org/Guidelines/P5/},
year = {2008}
}
@book{Armstrong2007,
author = {Armstrong, Joe},
publisher = {Pragmatic Bookshelf},
title = {{Programming Erlang: software for a concurrent world}},
year = {2007}
}
@book{Bruen2005,
address = {Hoboken, N.J},
author = {Bruen, Aiden},
isbn = {978-0-471-65317-2},
publisher = {Wiley-Interscience},
title = {{Cryptography, information theory, and error-correction: a handbook for the 21st century}},
year = {2005}
}
@article{Li2000,
author = {Li, Xiaolin Li Xiaolin and Parizeau, M. and Plamondon, R.},
file = {:Users/miha/Library/Application Support/Mendeley Desktop/Downloaded/Li, Parizeau, Plamondon - 2000 - Training hidden Markov models with multiple observations-a combinatorial method.pdf:pdf},
issn = {0162-8828},
journal = {IEEE Transactions on Pattern Analysis and Machine Intelligence},
number = {4},
pages = {371--377},
title = {{Training hidden Markov models with multiple observations-a combinatorial method}},
volume = {22},
year = {2000}
}
